<?xml version="1.0" encoding="UTF-8"?><record xmlns="http://www.loc.gov/MARC21/slim" xmlns:cinclude="http://apache.org/cocoon/include/1.0" xmlns:zs="http://www.loc.gov/zing/srw/">
  <leader>00489cz  a2200145n  4500</leader>
  <controlfield tag="001">n  84165232 </controlfield>
  <controlfield tag="003">DLC</controlfield>
  <controlfield tag="005">19910726161217.8</controlfield>
  <controlfield tag="008">840924n| acannaab|          |n aaa |||  </controlfield>
  <datafield tag="010" ind1=" " ind2=" ">
    <subfield code="a">n  84165232 </subfield>
  </datafield>
  <datafield tag="040" ind1=" " ind2=" ">
    <subfield code="a">DLC</subfield>
    <subfield code="c">DLC</subfield>
    <subfield code="d">DLC</subfield>
  </datafield>
  <datafield tag="100" ind1="1" ind2="0">
    <subfield code="a">Ramsey, Ronald L.</subfield>
  </datafield>
  <datafield tag="670" ind1=" " ind2=" ">
    <subfield code="a">Mazaheri, M.L. Buildings &amp; people, 1979:</subfield>
    <subfield code="b">p. vi (Ronald L. Ramsey)</subfield>
  </datafield>
  <datafield tag="670" ind1=" " ind2=" ">
    <subfield code="a">In the architect's eye, 1989:</subfield>
    <subfield code="b">p. 3 (Ronald L.M. Ramsey)</subfield>
  </datafield>
  <datafield tag="670" ind1=" " ind2=" ">
    <subfield code="a">OCLC 22436773: In the architect's eye, 1989</subfield>
    <subfield code="b">(hdg.: Ramsey, Ronald Lanier)</subfield>
  </datafield>
</record>